%YAML 1.1
%TAG !u! tag:unity3d.com,2011:
--- !u!29 &1
OcclusionCullingSettings:
  m_ObjectHideFlags: 0
  serializedVersion: 2
  m_OcclusionBakeSettings:
    smallestOccluder: 5
    smallestHole: 0.25
    backfaceThreshold: 100
  m_SceneGUID: 00000000000000000000000000000000
  m_OcclusionCullingData: {fileID: 0}
--- !u!104 &2
RenderSettings:
  m_ObjectHideFlags: 0
  serializedVersion: 8
  m_Fog: 1
  m_FogColor: {r: 1, g: 1, b: 1, a: 1}
  m_FogMode: 1
  m_FogDensity: 0.002
  m_LinearFogStart: 50
  m_LinearFogEnd: 600
  m_AmbientSkyColor: {r: 0.6838235, g: 0.6838235, b: 0.6838235, a: 1}
  m_AmbientEquatorColor: {r: 0.15041164, g: 0.17647058, b: 0.1401384, a: 1}
  m_AmbientGroundColor: {r: 0.4852941, g: 0.4852941, b: 0.4852941, a: 1}
  m_AmbientIntensity: 1
  m_AmbientMode: 1
  m_SubtractiveShadowColor: {r: 0.42, g: 0.478, b: 0.627, a: 1}
  m_SkyboxMaterial: {fileID: 2100000, guid: c4635ff45fc79cb43bdd1d0f8119b1d0, type: 2}
  m_HaloStrength: 0.5
  m_FlareStrength: 1
  m_FlareFadeSpeed: 1
  m_HaloTexture: {fileID: 0}
  m_SpotCookie: {fileID: 10001, guid: 0000000000000000e000000000000000, type: 0}
  m_DefaultReflectionMode: 0
  m_DefaultReflectionResolution: 128
  m_ReflectionBounces: 1
  m_ReflectionIntensity: 1
  m_CustomReflection: {fileID: 0}
  m_Sun: {fileID: 0}
  m_IndirectSpecularColor: {r: 0, g: 0, b: 0, a: 1}
--- !u!157 &3
LightmapSettings:
  m_ObjectHideFlags: 0
  serializedVersion: 9
  m_GIWorkflowMode: 1
  m_GISettings:
    serializedVersion: 2
    m_BounceScale: 1
    m_IndirectOutputScale: 1
    m_AlbedoBoost: 1
    m_TemporalCoherenceThreshold: 1
    m_EnvironmentLightingMode: 0
    m_EnableBakedLightmaps: 1
    m_EnableRealtimeLightmaps: 1
  m_LightmapEditorSettings:
    serializedVersion: 8
    m_Resolution: 2
    m_BakeResolution: 40
    m_TextureWidth: 1024
    m_TextureHeight: 1024
    m_AO: 0
    m_AOMaxDistance: 1
    m_CompAOExponent: 1
    m_CompAOExponentDirect: 0
    m_Padding: 2
    m_LightmapParameters: {fileID: 0}
    m_LightmapsBakeMode: 1
    m_TextureCompression: 1
    m_FinalGather: 0
    m_FinalGatherFiltering: 1
    m_FinalGatherRayCount: 256
    m_ReflectionCompression: 2
    m_MixedBakeMode: 3
    m_BakeBackend: 0
    m_PVRSampling: 1
    m_PVRDirectSampleCount: 32
    m_PVRSampleCount: 500
    m_PVRBounces: 2
    m_PVRFiltering: 0
    m_PVRFilteringMode: 1
    m_PVRCulling: 1
    m_PVRFilteringGaussRadiusDirect: 1
    m_PVRFilteringGaussRadiusIndirect: 5
    m_PVRFilteringGaussRadiusAO: 2
    m_PVRFilteringAtrousColorSigma: 1
    m_PVRFilteringAtrousNormalSigma: 1
    m_PVRFilteringAtrousPositionSigma: 1
  m_LightingDataAsset: {fileID: 0}
  m_ShadowMaskMode: 2
--- !u!196 &4
NavMeshSettings:
  serializedVersion: 2
  m_ObjectHideFlags: 0
  m_BuildSettings:
    serializedVersion: 2
    agentTypeID: 0
    agentRadius: 0.5
    agentHeight: 2
    agentSlope: 45
    agentClimb: 0.4
    ledgeDropHeight: 0
    maxJumpAcrossDistance: 0
    minRegionArea: 2
    manualCellSize: 0
    cellSize: 0.16666667
    manualTileSize: 0
    tileSize: 256
    accuratePlacement: 0
  m_NavMeshData: {fileID: 0}
--- !u!1001 &382676767
Prefab:
  m_ObjectHideFlags: 0
  serializedVersion: 2
  m_Modification:
    m_TransformParent: {fileID: 0}
    m_Modifications:
    - target: {fileID: 4063962729228056, guid: 68b2a12546d482b4688a7aea6d999582, type: 2}
      propertyPath: m_LocalPosition.x
      value: 0
      objectReference: {fileID: 0}
    - target: {fileID: 4063962729228056, guid: 68b2a12546d482b4688a7aea6d999582, type: 2}
      propertyPath: m_LocalPosition.y
      value: 15
      objectReference: {fileID: 0}
    - target: {fileID: 4063962729228056, guid: 68b2a12546d482b4688a7aea6d999582, type: 2}
      propertyPath: m_LocalPosition.z
      value: 1100
      objectReference: {fileID: 0}
    - target: {fileID: 4063962729228056, guid: 68b2a12546d482b4688a7aea6d999582, type: 2}
      propertyPath: m_LocalRotation.x
      value: -0.7071068
      objectReference: {fileID: 0}
    - target: {fileID: 4063962729228056, guid: 68b2a12546d482b4688a7aea6d999582, type: 2}
      propertyPath: m_LocalRotation.y
      value: -0
      objectReference: {fileID: 0}
    - target: {fileID: 4063962729228056, guid: 68b2a12546d482b4688a7aea6d999582, type: 2}
      propertyPath: m_LocalRotation.z
      value: -0
      objectReference: {fileID: 0}
    - target: {fileID: 4063962729228056, guid: 68b2a12546d482b4688a7aea6d999582, type: 2}
      propertyPath: m_LocalRotation.w
      value: 0.7071068
      objectReference: {fileID: 0}
    - target: {fileID: 4063962729228056, guid: 68b2a12546d482b4688a7aea6d999582, type: 2}
      propertyPath: m_RootOrder
      value: 1
      objectReference: {fileID: 0}
    - target: {fileID: 1483611400806362, guid: 68b2a12546d482b4688a7aea6d999582, type: 2}
      propertyPath: m_IsActive
      value: 1
      objectReference: {fileID: 0}
    - target: {fileID: 95901277592620252, guid: 68b2a12546d482b4688a7aea6d999582,
        type: 2}
      propertyPath: m_ApplyRootMotion
      value: 0
      objectReference: {fileID: 0}
    m_RemovedComponents: []
  m_ParentPrefab: {fileID: 100100000, guid: 68b2a12546d482b4688a7aea6d999582, type: 2}
  m_IsPrefabParent: 0
--- !u!1001 &454184876
Prefab:
  m_ObjectHideFlags: 0
  serializedVersion: 2
  m_Modification:
    m_TransformParent: {fileID: 0}
    m_Modifications:
    - target: {fileID: 4660198413808144, guid: 11d00f09951ca104c8a09b50d42200c2, type: 2}
      propertyPath: m_LocalPosition.x
      value: 0
      objectReference: {fileID: 0}
    - target: {fileID: 4660198413808144, guid: 11d00f09951ca104c8a09b50d42200c2, type: 2}
      propertyPath: m_LocalPosition.y
      value: 0.64
      objectReference: {fileID: 0}
    - target: {fileID: 4660198413808144, guid: 11d00f09951ca104c8a09b50d42200c2, type: 2}
      propertyPath: m_LocalPosition.z
      value: 600
      objectReference: {fileID: 0}
    - target: {fileID: 4660198413808144, guid: 11d00f09951ca104c8a09b50d42200c2, type: 2}
      propertyPath: m_LocalRotation.x
      value: -0
      objectReference: {fileID: 0}
    - target: {fileID: 4660198413808144, guid: 11d00f09951ca104c8a09b50d42200c2, type: 2}
      propertyPath: m_LocalRotation.y
      value: -0
      objectReference: {fileID: 0}
    - target: {fileID: 4660198413808144, guid: 11d00f09951ca104c8a09b50d42200c2, type: 2}
      propertyPath: m_LocalRotation.z
      value: -0.00000040233135
      objectReference: {fileID: 0}
    - target: {fileID: 4660198413808144, guid: 11d00f09951ca104c8a09b50d42200c2, type: 2}
      propertyPath: m_LocalRotation.w
      value: 1
      objectReference: {fileID: 0}
    - target: {fileID: 4660198413808144, guid: 11d00f09951ca104c8a09b50d42200c2, type: 2}
      propertyPath: m_RootOrder
      value: 2
      objectReference: {fileID: 0}
    - target: {fileID: 120652356316972748, guid: 11d00f09951ca104c8a09b50d42200c2,
        type: 2}
      propertyPath: m_Parameters.colorGradient.ctime1
      value: 65535
      objectReference: {fileID: 0}
    - target: {fileID: 120652356316972748, guid: 11d00f09951ca104c8a09b50d42200c2,
        type: 2}
      propertyPath: m_Parameters.colorGradient.key1.r
      value: 0
      objectReference: {fileID: 0}
    - target: {fileID: 120652356316972748, guid: 11d00f09951ca104c8a09b50d42200c2,
        type: 2}
      propertyPath: m_Parameters.colorGradient.key1.g
      value: 0
      objectReference: {fileID: 0}
    - target: {fileID: 120652356316972748, guid: 11d00f09951ca104c8a09b50d42200c2,
        type: 2}
      propertyPath: m_Parameters.colorGradient.key1.b
      value: 0
      objectReference: {fileID: 0}
    - target: {fileID: 120652356316972748, guid: 11d00f09951ca104c8a09b50d42200c2,
        type: 2}
      propertyPath: m_Parameters.colorGradient.ctime0
      value: 0
      objectReference: {fileID: 0}
    - target: {fileID: 120652356316972748, guid: 11d00f09951ca104c8a09b50d42200c2,
        type: 2}
      propertyPath: m_Parameters.colorGradient.key0.r
      value: 0
      objectReference: {fileID: 0}
    - target: {fileID: 120652356316972748, guid: 11d00f09951ca104c8a09b50d42200c2,
        type: 2}
      propertyPath: m_Parameters.colorGradient.key0.g
      value: 0
      objectReference: {fileID: 0}
    - target: {fileID: 120652356316972748, guid: 11d00f09951ca104c8a09b50d42200c2,
        type: 2}
      propertyPath: m_Parameters.colorGradient.key0.b
      value: 0
      objectReference: {fileID: 0}
    - target: {fileID: 120652356316972748, guid: 11d00f09951ca104c8a09b50d42200c2,
        type: 2}
      propertyPath: m_Enabled
      value: 1
      objectReference: {fileID: 0}
    - target: {fileID: 120652356316972748, guid: 11d00f09951ca104c8a09b50d42200c2,
        type: 2}
      propertyPath: m_Materials.Array.data[0]
      value: 
      objectReference: {fileID: 2100000, guid: c6ab9a1ba4a2e3d41948dfd0a5d8fb04, type: 2}
    - target: {fileID: 4660198413808144, guid: 11d00f09951ca104c8a09b50d42200c2, type: 2}
      propertyPath: m_LocalScale.x
      value: 1
      objectReference: {fileID: 0}
    - target: {fileID: 4660198413808144, guid: 11d00f09951ca104c8a09b50d42200c2, type: 2}
      propertyPath: m_LocalScale.y
      value: 1
      objectReference: {fileID: 0}
    - target: {fileID: 4660198413808144, guid: 11d00f09951ca104c8a09b50d42200c2, type: 2}
      propertyPath: m_LocalScale.z
      value: 1
      objectReference: {fileID: 0}
    - target: {fileID: 102398233304139644, guid: 11d00f09951ca104c8a09b50d42200c2,
        type: 2}
      propertyPath: m_CharacterSize
      value: 5
      objectReference: {fileID: 0}
    m_RemovedComponents: []
  m_ParentPrefab: {fileID: 100100000, guid: 11d00f09951ca104c8a09b50d42200c2, type: 2}
  m_IsPrefabParent: 0
--- !u!1 &454184877 stripped
GameObject:
  m_PrefabParentObject: {fileID: 1434603359580366, guid: 11d00f09951ca104c8a09b50d42200c2,
    type: 2}
  m_PrefabInternal: {fileID: 454184876}
--- !u!4 &602663644 stripped
Transform:
  m_PrefabParentObject: {fileID: 4063962729228056, guid: 68b2a12546d482b4688a7aea6d999582,
    type: 2}
  m_PrefabInternal: {fileID: 382676767}
--- !u!1 &760400552
GameObject:
  m_ObjectHideFlags: 0
  m_PrefabParentObject: {fileID: 0}
  m_PrefabInternal: {fileID: 0}
  serializedVersion: 5
  m_Component:
  - component: {fileID: 760400555}
  - component: {fileID: 760400554}
  - component: {fileID: 760400553}
  - component: {fileID: 760400556}
  m_Layer: 0
  m_Name: GeneralEventSystem
  m_TagString: Untagged
  m_Icon: {fileID: 0}
  m_NavMeshLayer: 0
  m_StaticEditorFlags: 0
  m_IsActive: 1
--- !u!114 &760400553
MonoBehaviour:
  m_ObjectHideFlags: 0
  m_PrefabParentObject: {fileID: 0}
  m_PrefabInternal: {fileID: 0}
  m_GameObject: {fileID: 760400552}
  m_Enabled: 0
  m_EditorHideFlags: 0
  m_Script: {fileID: 1077351063, guid: f70555f144d8491a825f0804e09c671c, type: 3}
  m_Name: 
  m_EditorClassIdentifier: 
  m_HorizontalAxis: Horizontal
  m_VerticalAxis: Vertical
  m_SubmitButton: Submit
  m_CancelButton: Cancel
  m_InputActionsPerSecond: 10
  m_RepeatDelay: 0.5
  m_ForceModuleActive: 0
--- !u!114 &760400554
MonoBehaviour:
  m_ObjectHideFlags: 0
  m_PrefabParentObject: {fileID: 0}
  m_PrefabInternal: {fileID: 0}
  m_GameObject: {fileID: 760400552}
  m_Enabled: 0
  m_EditorHideFlags: 0
  m_Script: {fileID: -619905303, guid: f70555f144d8491a825f0804e09c671c, type: 3}
  m_Name: 
  m_EditorClassIdentifier: 
  m_FirstSelected: {fileID: 0}
  m_sendNavigationEvents: 1
  m_DragThreshold: 5
--- !u!4 &760400555
Transform:
  m_ObjectHideFlags: 0
  m_PrefabParentObject: {fileID: 0}
  m_PrefabInternal: {fileID: 0}
  m_GameObject: {fileID: 760400552}
  m_LocalRotation: {x: 0, y: 0, z: 0, w: 1}
  m_LocalPosition: {x: 0, y: 0, z: 0}
  m_LocalScale: {x: 1, y: 1, z: 1}
  m_Children: []
  m_Father: {fileID: 0}
  m_RootOrder: 0
  m_LocalEulerAnglesHint: {x: 0, y: 0, z: 0}
--- !u!114 &760400556
MonoBehaviour:
  m_ObjectHideFlags: 0
  m_PrefabParentObject: {fileID: 0}
  m_PrefabInternal: {fileID: 0}
  m_GameObject: {fileID: 760400552}
  m_Enabled: 1
  m_EditorHideFlags: 0
  m_Script: {fileID: 11500000, guid: cbb85206a8038cc4a98be82adc1fc50c, type: 3}
  m_Name: 
  m_EditorClassIdentifier: 
  sectionCount: 0
  GameOverScore: 0
--- !u!1001 &1131859632
Prefab:
  m_ObjectHideFlags: 0
  serializedVersion: 2
  m_Modification:
    m_TransformParent: {fileID: 0}
    m_Modifications:
    - target: {fileID: 4002998404054072, guid: bbaedcc85af227f44a4a58f0a87db51e, type: 2}
      propertyPath: m_LocalPosition.x
      value: 0
      objectReference: {fileID: 0}
    - target: {fileID: 4002998404054072, guid: bbaedcc85af227f44a4a58f0a87db51e, type: 2}
      propertyPath: m_LocalPosition.y
      value: 0
      objectReference: {fileID: 0}
    - target: {fileID: 4002998404054072, guid: bbaedcc85af227f44a4a58f0a87db51e, type: 2}
      propertyPath: m_LocalPosition.z
      value: 0
      objectReference: {fileID: 0}
    - target: {fileID: 4002998404054072, guid: bbaedcc85af227f44a4a58f0a87db51e, type: 2}
      propertyPath: m_LocalRotation.x
      value: 0
      objectReference: {fileID: 0}
    - target: {fileID: 4002998404054072, guid: bbaedcc85af227f44a4a58f0a87db51e, type: 2}
      propertyPath: m_LocalRotation.y
      value: 0
      objectReference: {fileID: 0}
    - target: {fileID: 4002998404054072, guid: bbaedcc85af227f44a4a58f0a87db51e, type: 2}
      propertyPath: m_LocalRotation.z
      value: 0
      objectReference: {fileID: 0}
    - target: {fileID: 4002998404054072, guid: bbaedcc85af227f44a4a58f0a87db51e, type: 2}
      propertyPath: m_LocalRotation.w
      value: 1
      objectReference: {fileID: 0}
    - target: {fileID: 4002998404054072, guid: bbaedcc85af227f44a4a58f0a87db51e, type: 2}
      propertyPath: m_RootOrder
      value: 3
      objectReference: {fileID: 0}
    - target: {fileID: 114252772114702848, guid: bbaedcc85af227f44a4a58f0a87db51e,
        type: 2}
      propertyPath: crosshair
      value: 
      objectReference: {fileID: 454184877}
    m_RemovedComponents: []
  m_ParentPrefab: {fileID: 100100000, guid: bbaedcc85af227f44a4a58f0a87db51e, type: 2}
  m_IsPrefabParent: 0
--- !u!1 &1166159229
GameObject:
  m_ObjectHideFlags: 0
  m_PrefabParentObject: {fileID: 0}
  m_PrefabInternal: {fileID: 0}
  serializedVersion: 5
  m_Component:
  - component: {fileID: 1166159230}
  m_Layer: 0
  m_Name: EnemyContainer
  m_TagString: Untagged
  m_Icon: {fileID: 0}
  m_NavMeshLayer: 0
  m_StaticEditorFlags: 0
  m_IsActive: 1
--- !u!4 &1166159230
Transform:
  m_ObjectHideFlags: 0
  m_PrefabParentObject: {fileID: 0}
  m_PrefabInternal: {fileID: 0}
  m_GameObject: {fileID: 1166159229}
  m_LocalRotation: {x: 0, y: 0, z: 0, w: 1}
  m_LocalPosition: {x: -1.1951929, y: -4.405167, z: 0.63170815}
  m_LocalScale: {x: 1, y: 1, z: 1}
  m_Children: []
  m_Father: {fileID: 0}
  m_RootOrder: 4
  m_LocalEulerAnglesHint: {x: 0, y: 0, z: 0}
--- !u!1001 &1806718497
Prefab:
  m_ObjectHideFlags: 0
  serializedVersion: 2
  m_Modification:
    m_TransformParent: {fileID: 602663644}
    m_Modifications:
    - target: {fileID: 400000, guid: 62f276c374a46c043b89f50cac5c3e5f, type: 3}
      propertyPath: m_LocalPosition.x
      value: 0.1
      objectReference: {fileID: 0}
    - target: {fileID: 400000, guid: 62f276c374a46c043b89f50cac5c3e5f, type: 3}
      propertyPath: m_LocalPosition.y
      value: -422
      objectReference: {fileID: 0}
    - target: {fileID: 400000, guid: 62f276c374a46c043b89f50cac5c3e5f, type: 3}
      propertyPath: m_LocalPosition.z
      value: 0
      objectReference: {fileID: 0}
    - target: {fileID: 400000, guid: 62f276c374a46c043b89f50cac5c3e5f, type: 3}
      propertyPath: m_LocalRotation.x
      value: -0
      objectReference: {fileID: 0}
    - target: {fileID: 400000, guid: 62f276c374a46c043b89f50cac5c3e5f, type: 3}
      propertyPath: m_LocalRotation.y
      value: -0
      objectReference: {fileID: 0}
    - target: {fileID: 400000, guid: 62f276c374a46c043b89f50cac5c3e5f, type: 3}
      propertyPath: m_LocalRotation.z
      value: -0
      objectReference: {fileID: 0}
    - target: {fileID: 400000, guid: 62f276c374a46c043b89f50cac5c3e5f, type: 3}
      propertyPath: m_LocalRotation.w
      value: 1
      objectReference: {fileID: 0}
    - target: {fileID: 400000, guid: 62f276c374a46c043b89f50cac5c3e5f, type: 3}
      propertyPath: m_RootOrder
      value: 0
      objectReference: {fileID: 0}
    - target: {fileID: 400000, guid: 62f276c374a46c043b89f50cac5c3e5f, type: 3}
      propertyPath: m_LocalScale.y
      value: 1
      objectReference: {fileID: 0}
    - target: {fileID: 400000, guid: 62f276c374a46c043b89f50cac5c3e5f, type: 3}
      propertyPath: m_LocalScale.z
      value: 1.5
      objectReference: {fileID: 0}
    - target: {fileID: 2300000, guid: 62f276c374a46c043b89f50cac5c3e5f, type: 3}
      propertyPath: m_Materials.Array.data[0]
      value: 
      objectReference: {fileID: 2100000, guid: f277eebbd55e8534e8100b89f1936e90, type: 2}
    - target: {fileID: 400000, guid: 62f276c374a46c043b89f50cac5c3e5f, type: 3}
      propertyPath: m_LocalScale.x
      value: 1.5
      objectReference: {fileID: 0}
    m_RemovedComponents: []
  m_ParentPrefab: {fileID: 100100000, guid: 62f276c374a46c043b89f50cac5c3e5f, type: 3}
  m_IsPrefabParent: 0
